<?xml version='1.0' encoding='utf-8'?>
<record xmlns="http://www.loc.gov/MARC21/slim" xmlns:xsi="http://www.w3.org/2001/XMLSchema-instance">
  <leader>00000npcaa2200349^a^4500</leader>
  <controlfield tag="001">013872606</controlfield>
  <controlfield tag="005">20151001132417.0</controlfield>
  <controlfield tag="008">151001i19942003miu^^^^^^^^^^^^^^^^^eng^d</controlfield>
  <datafield tag="035" ind1=" " ind2=" ">
    <subfield code="a">(OCoLC)922642291</subfield>
  </datafield>
  <datafield tag="035" ind1=" " ind2=" ">
    <subfield code="a">(OCoLC)ocn922642291</subfield>
  </datafield>
  <datafield tag="040" ind1=" " ind2=" ">
    <subfield code="a">BEU</subfield>
    <subfield code="b">eng</subfield>
    <subfield code="c">BEU</subfield>
    <subfield code="e">dacs</subfield>
  </datafield>
  <datafield tag="049" ind1=" " ind2=" ">
    <subfield code="a">BEUA</subfield>
  </datafield>
  <datafield tag="100" ind1="1" ind2=" ">
    <subfield code="a">Morrissey, Lewis A.</subfield>
  </datafield>
  <datafield tag="245" ind1="1" ind2="0">
    <subfield code="a">Lewis A. Morrissey papers,</subfield>
    <subfield code="f">1991-2003</subfield>
    <subfield code="g">bulk1994-2003.</subfield>
  </datafield>
  <datafield tag="300" ind1=" " ind2=" ">
    <subfield code="a">1 linear foot.</subfield>
  </datafield>
  <datafield tag="351" ind1=" " ind2=" ">
    <subfield code="3">Papers</subfield>
    <subfield code="a">Arranged in six series:1. Big Ten Commercials 2. Freedom Of Information Act 3. Outreach Planning and Development 4. Michigan Advancement Council 5. Michigan Public Radio 6. Michigan Road Scholars.</subfield>
  </datafield>
  <datafield tag="546" ind1=" " ind2=" ">
    <subfield code="a">In English.</subfield>
  </datafield>
  <datafield tag="545" ind1="0" ind2=" ">
    <subfield code="a">Morrissey joined teh University of Michigan as freedom of information officer and director of special projects for university relations in 1994. In 1995, with the advent of a new outreach initiative at the university, Morrissey became director of state outreach within the university relations office, while retaining his FOIA duties. One of the major initiatives Morrissey led as director of state outreach was the Michigan Road Scholars program. He was also involved with Michigan Advancement Council a professional organization for advancement officials at public universities in Michigan, as well as many other general outreach and university relations projects. Morrissey held the positions of state outreach director and chief freedom of information officer until his retirement from the university in 2004.</subfield>
  </datafield>
  <datafield tag="520" ind1="2" ind2=" ">
    <subfield code="a">Papers include documentation of projects undertaken by Morrissey, including the Michigan Road Scholars (MRS) program, his work with the Michigan Advancement Council, advertisements sponsored by the Big Ten, FOIA Information, Michigan Public Radio, and general outreach planning and development. Includes agendas, meeting minutes, research and plannin documents, and correspondence; itineraries, applications, and evaluations of the Road Scholars program, and a wide variety of other administrative documentation of Morrissey's work, especially the MRS program.</subfield>
  </datafield>
  <datafield tag="506" ind1=" " ind2=" ">
    <subfield code="a">Restricted access. Consult the repository.</subfield>
  </datafield>
  <datafield tag="555" ind1="0" ind2=" ">
    <subfield code="a">Finding aid in the library.</subfield>
  </datafield>
  <datafield tag="500" ind1=" " ind2=" ">
    <subfield code="a">Donor: 9504</subfield>
  </datafield>
  <datafield tag="584" ind1=" " ind2=" ">
    <subfield code="a">No further accruals are expected.</subfield>
  </datafield>
  <datafield tag="600" ind1="1" ind2="0">
    <subfield code="a">Morrissey, Lewis A.</subfield>
  </datafield>
  <datafield tag="610" ind1="2" ind2="0">
    <subfield code="a">Univeristy of Michigan</subfield>
    <subfield code="x">Faculty.</subfield>
  </datafield>
  <datafield tag="610" ind1="2" ind2="0">
    <subfield code="a">University of Michigan.</subfield>
    <subfield code="b">Vice-President for Government Relations.</subfield>
  </datafield>
  <datafield tag="610" ind1="2" ind2="0">
    <subfield code="a">University of Michigan</subfield>
    <subfield code="x">Activity programs.</subfield>
  </datafield>
  <datafield tag="610" ind1="2" ind2="0">
    <subfield code="a">University of Michigan</subfield>
    <subfield code="x">Public relations.</subfield>
  </datafield>
  <datafield tag="650" ind1=" " ind2="0">
    <subfield code="a">Freedom of information</subfield>
    <subfield code="z">Michigan.</subfield>
  </datafield>
  <datafield tag="852" ind1="8" ind2=" ">
    <subfield code="a">MiU-H</subfield>
    <subfield code="b">BENT</subfield>
    <subfield code="h">2011126 Aa 2</subfield>
  </datafield>
  <datafield tag="997" ind1=" " ind2=" ">
    <subfield code="a">MARS</subfield>
  </datafield>
  <datafield tag="998" ind1=" " ind2=" ">
    <subfield code="c">CCD</subfield>
  </datafield>
  <datafield tag="955" ind1=" " ind2=" ">
    <subfield code="b">BENT</subfield>
    <subfield code="p">B7006201</subfield>
  </datafield>
</record>
